<record><leader>00000cas a22000007a 4500</leader><controlfield tag="001">31725220</controlfield><controlfield tag="008">941221d1911191uokuwr n       0    0eng d</controlfield><datafield ind1=" " ind2=" " tag="010"><subfield code="a">sn 94061321 </subfield></datafield><datafield ind1=" " ind2=" " tag="040"><subfield code="a">OBN</subfield><subfield code="b">eng</subfield><subfield code="c">OBN</subfield><subfield code="d">OCLCQ</subfield><subfield code="d">OCLCO</subfield><subfield code="d">OCLCF</subfield></datafield><datafield ind1="1" ind2=" " tag="029"><subfield code="a">AU@</subfield><subfield code="b">000011501301</subfield></datafield><datafield ind1=" " ind2=" " tag="042"><subfield code="a">msc</subfield></datafield><datafield ind1=" " ind2=" " tag="043"><subfield code="a">n-us-ok</subfield></datafield><datafield ind1="0" ind2=" " tag="130"><subfield code="a">New century (Sulphur, Okla. : 1911)</subfield></datafield><datafield ind1="1" ind2="4" tag="245"><subfield code="a">The New century.</subfield></datafield><datafield ind1=" " ind2=" " tag="260"><subfield code="a">Sulphur, Okla. :</subfield><subfield code="b">New Century Pub. Co.</subfield></datafield><datafield ind1=" " ind2=" " tag="300"><subfield code="a">v.</subfield></datafield><datafield ind1=" " ind2=" " tag="310"><subfield code="a">Weekly</subfield></datafield><datafield ind1="0" ind2=" " tag="362"><subfield code="a">Vol. 1, no. 1 (Jan. 6, 1911)-</subfield></datafield><datafield ind1=" " ind2="0" tag="650"><subfield code="a">Socialism</subfield><subfield code="z">Oklahoma</subfield><subfield code="v">Newspapers.</subfield></datafield><datafield ind1=" " ind2="0" tag="651"><subfield code="a">Sulphur (Okla.)</subfield><subfield code="v">Newspapers.</subfield></datafield><datafield ind1=" " ind2="0" tag="651"><subfield code="a">Murray County (Okla.)</subfield><subfield code="v">Newspapers.</subfield></datafield><datafield ind1=" " ind2="7" tag="655"><subfield code="a">Newspapers.</subfield><subfield code="2">fast</subfield><subfield code="0">(OCoLC)fst01423814</subfield></datafield><datafield ind1=" " ind2="7" tag="650"><subfield code="a">Socialism.</subfield><subfield code="2">fast</subfield><subfield code="0">(OCoLC)fst01123637</subfield></datafield><datafield ind1=" " ind2="7" tag="651"><subfield code="a">Oklahoma.</subfield><subfield code="2">fast</subfield><subfield code="0">(OCoLC)fst01205031</subfield></datafield><datafield ind1=" " ind2="7" tag="651"><subfield code="a">Oklahoma</subfield><subfield code="z">Murray County.</subfield><subfield code="2">fast</subfield><subfield code="0">(OCoLC)fst01223980</subfield></datafield><datafield ind1=" " ind2="7" tag="651"><subfield code="a">Oklahoma</subfield><subfield code="z">Sulphur.</subfield><subfield code="2">fast</subfield><subfield code="0">(OCoLC)fst01227547</subfield></datafield><datafield ind1=" " ind2=" " tag="752"><subfield code="a">United States</subfield><subfield code="b">Oklahoma</subfield><subfield code="c">Murray</subfield><subfield code="d">Sulphur.</subfield></datafield></record>